% --- Citazioni --- %

@incollection{Hatano:exp,
	doi = {10.1007/11526216_2},
	year = 2005,
	publisher = {Springer Berlin Heidelberg},
	pages = {37--68},
	author = {Hatano, N. and Suzuki, M.},
	title = {Finding Exponential Product Formulas of Higher Orders},
	booktitle = {Quantum Annealing and Other Optimization Methods}
}

@misc{Jaffe:RL_sol,
  title={An Algebraic Approach to Reflectionless Potentials in One Dimension},
  author={Ryan Jaffe}
}

@book{CT:QM,
      author        = "Cohen-Tannoudji, Claude and Diu, Bernard and Laloë,
                       Franck",
      title         = "{Quantum mechanics; 1st ed.}",
      publisher     = "Wiley",
      address       = "New York, NY",
      year          = "1977",
      url           = "https://cds.cern.ch/record/101367",
      note          = "Trans. of : Mécanique quantique. Paris : Hermann, 1973",
}

@misc{Mousavi:PT_WP,
  doi = {10.48550/ARXIV.1507.03341},
  
  url = {https://arxiv.org/abs/1507.03341},
  
  author = {Mousavi, S. V.},
  
  keywords = {Quantum Physics (quant-ph), FOS: Physical sciences, FOS: Physical sciences},
  
  title = {Scattering by a reflectionless modified Pöschl-Teller potential: Bohmian trajectories and arrival times},
  
  publisher = {arXiv},
  
  year = {2015},
  
  copyright = {arXiv.org perpetual, non-exclusive license}
}

@article{Tsuru:gaus_harmonic,
author = {Tsuru ,Hideo},
title = {Wave Packet Motion in Harmonic Potential},
journal = {Journal of the Physical Society of Japan},
volume = {60},
number = {11},
pages = {3657-3663},
year = {1991},
doi = {10.1143/JPSJ.60.3657},

URL = {https://doi.org/10.1143/JPSJ.60.3657}
}



@article{Lecker:RL,
author = {Lekner,John },
title = {Reflectionless eigenstates of the sech2 potential},
journal = {American Journal of Physics},
volume = {75},
number = {12},
pages = {1151-1157},
year = {2007},
doi = {10.1119/1.2787015},

URL = { https://doi.org/10.1119/1.2787015},
}

@article{Barthel:high_orders,
	doi = {10.1016/j.aop.2020.168165},
  
	url = {https://doi.org/10.1016%2Fj.aop.2020.168165},
  
	year = 2020,
	month = {jul},
  
	publisher = {Elsevier {BV}},
  
	volume = {418},
  
	pages = {168165},
  
	author = {Thomas Barthel and Yikang Zhang},
  
	title = {Optimized Lie{\textendash}Trotter{\textendash}Suzuki decompositions for two and three non-commuting terms},
  
	journal = {Annals of Physics}
}
